@MISC{secondpaper,
    author = {Pranjal Awasthi and Or Sheffet and Avrim Blum},
    title = {Stability yields a PTAS for k-Median and k-Means Clustering},
    year = {2010}
}

@inproceedings{firstpaper,
 author = {Balcan, Maria-Florina and Blum, Avrim and Gupta, Anupam},
 title = {Approximate Clustering Without the Approximation},
 booktitle = {Proceedings of the Twentieth Annual ACM-SIAM Symposium on Discrete Algorithms},
 series = {SODA '09},
 year = {2009},
 location = {New York, New York},
 pages = {1068--1077},
 numpages = {10},
 url = {http://dl.acm.org/citation.cfm?id=1496770.1496886},
 acmid = {1496886},
 publisher = {Society for Industrial and Applied Mathematics},
 address = {Philadelphia, PA, USA},
} 

@inproceedings{JMS02,
 author = {Jain, Kamal and Mahdian, Mohammad and Saberi, Amin},
 title = {A New Greedy Approach for Facility Location Problems},
 booktitle = {Proceedings of the Thiry-fourth Annual ACM Symposium on Theory of Computing},
 series = {STOC '02},
 year = {2002},
 isbn = {1-58113-495-9},
 location = {Montreal, Quebec, Canada},
 pages = {731--740},
 numpages = {10},
 url = {http://doi.acm.org/10.1145/509907.510012},
 doi = {10.1145/509907.510012},
 acmid = {510012},
 publisher = {ACM},
 address = {New York, NY, USA},
} 